% This file was created with JabRef 2.10.
% Encoding: ISO8859_1


@Book{Belapurkar2009,
  Title                    = {Distributed Systems Security : Issues, Processes and Solutions},
  Author                   = {Abhijit Belapurkar and Anirban Chakrabarti and Harigopal Ponnapalli and Niranjan Varadarajan and Srinivas Padmanabhuni and Srikanth Sundarrajan},
  Publisher                = {Wiley},
  Year                     = {2009},

  Owner                    = {rizki},
  Timestamp                = {2015.05.04}
}

@Book{Coulouris2012,
  Title                    = {Distributed Systems: Concepts and Design},
  Author                   = {George Coulouris and Jean Dollimore and Tim Kindberg and Gordon Blair},
  Publisher                = {Pearson Education},
  Year                     = {2012},
  Edition                  = {5},

  Owner                    = {rizki},
  Timestamp                = {2015.05.04}
}

@Book{Kamalapur2008,
  Title                    = {Distributed Systems},
  Author                   = {Shehal Kamalapur and Neeta Deshpande},
  Publisher                = {Technical Publications},
  Year                     = {2008},

  Owner                    = {rizki},
  Timestamp                = {2015.05.04}
}

@Book{Tanenbaum2007,
  Title                    = {Distributed Systems : Principles and Paradigms},
  Author                   = {Andrew Stuart Tanenbaum and Maarten Van Steen},
  Publisher                = {Pearson Education},
  Year                     = {2007},
  Edition                  = {2},

  Owner                    = {rizki},
  Timestamp                = {2015.05.04}
}

