% This file was created with JabRef 2.10.
% Encoding: UTF-8


@Book{Hartono2011,
  Title                    = {Wireless Network 802.11},
  Author                   = {Rudi Hartono and Agus Purnomo},
  Publisher                = {D3 TI FMIPA UNS},
  Year                     = {2011},

  Owner                    = {rizki},
  Timestamp                = {2015.05.03}
}

@Article{Kartika2010,
  Title                    = {Optimasi Penataan Sistem Wi-Fi di PENS-ITS},
  Author                   = {Kurnia P. Kartika and Tri Budi Santoso and Nur Adi Siswandari},
  Journal                  = {Repositori PENS},
  Year                     = {2010},

  Owner                    = {rizki},
  Timestamp                = {2015.05.03}
}

@Article{Setiadi2013,
  Title                    = {Perancangan Transmitter dan Receiver Sebagai ALat Pengirim dan Penerima Suara Berbasis Radia Frekuensi di dalam Air},
  Author                   = {N Setiadi},
  Journal                  = {Repositori Universitas Kristen Satya Wacana},
  Year                     = {2013},

  Owner                    = {rizki},
  Timestamp                = {2015.05.06}
}

@Book{Suyanto2007,
  Title                    = {Kecerdasan Buatan},
  Author                   = {Suyanto},
  Publisher                = {INFORMATIKA},
  Year                     = {2007},

  Owner                    = {rizki},
  Timestamp                = {2015.05.03}
}

