% This file was created with JabRef 2.10.
% Encoding: UTF-8


@Electronic{Calders2009,
  Title                    = {Classification : Naive Bayes Classifier Evaluation},
  Author                   = {Toon Calders},
  Organization             = {Eindhoven University of Technology},
  Year                     = {2009},

  Owner                    = {rizki},
  Timestamp                = {2015.05.14}
}

@Electronic{,
  Title                    = {Na√Øve Bayes Classifier},
  Author                   = {Ke Chen},
  Organization             = {University of Manchester},

  Owner                    = {rizki},
  Timestamp                = {2015.05.14}
}

@Electronic{Keogh,
  Title                    = {Naive Bayes Classifier},
  Author                   = {Eamonn Keogh},
  Organization             = {UCR},

  Owner                    = {rizki},
  Timestamp                = {2015.05.14}
}

@Electronic{unknown,
  Author                   = {unknown},
  Url                      = {stackoverflow.com},

  Keywords                 = {naive bayes classifier},
  Owner                    = {rizki},
  Timestamp                = {2015.05.14}
}

@Book{Walpole2012,
  Title                    = {Probability and Statistics for Engineers and Sciantist},
  Author                   = {Ronald E. Walpole and Raymond H. Myers and Sharon L. Myers and Keying Ye},
  Publisher                = {Prentice Hall},
  Year                     = {2012},
  Edition                  = {9},

  Owner                    = {rizki},
  Timestamp                = {2015.05.14}
}

